@article{cazenave2009utilisation,
  title={Utilisation de la recherche arborescente Monte-Carlo au Hex.},
  author={Cazenave, Tristan and Saffidine, Abdallah},
  journal={Rev. d'Intelligence Artif.},
  volume={23},
  number={2-3},
  pages={183--202},
  year={2009}
}

@misc
{   Wikipedia,
    title = {Wikipedia, Hex },
    howpublished = {\url{/https://fr.wikipedia.org/wiki/Hex/}}
}
@misc
{   Wikiedia,
    title = {Wikipedia, Recherche arborescente Monte-Carlo },
    howpublished = {\url{https://fr.wikipedia.org/wiki/Recherche_arborescente_Monte-Carlo}}
}
@misc
{   codingame,
    title = {codingame, Recherche arborescente Monte-Carlo },
    howpublished = {\url{https://www.codingame.com/playgrounds/57060/mcts-tic-tac-toe-playground}}
}
@misc
{   ,
    title = {MCTS },
    howpublished = {\url{https://www.cs.cmu.edu/~katef/DeepRLFall2018/MCTS_katef.pdf}}
}
@misc
{   
    title = { Monte carlo algorithm  },
    howpublished = {\url{https://project.dke.maastrichtuniversity.nl/games/files/phd/Nijssen_thesis.pdf}}
}
@misc
{   redblob,
    title = {Hexagonal Grids},
    author= {Red Blob Games},
    howpublished = {\url{https://www.redblobgames.com/grids/hexagons/}}
}
@misc
{   ,
    howpublished = {\url{https://ai-boson.github.io/mcts/}}
}

